@article{rw1,
	title = {A {CNN}-{STLSTM}-{AM} model for forecasting {USD}/{RMB} exchange rate},
	volume = {11},
	doi = {10.1016/j.jer.2023.100079},
	number = {2},
	urldate = {2024-06-02},
	journal = {Journal of Engineering Research},
	author = {Liu, Pengfei and Wang, Ze and Liu, Daoqun and Wang, Jingyang and Wang, Tiezhu},
	month = jun,
	year = {2023},
	keywords = {AM, CNN, Forecasting, STLSTM, USD/RMB exchange rate},
	pages = {100079}
}

@article{rw2,
	title = {Forecast {Foreign} {Exchange} {Rate}: {The} {Case} {Study} of {PKR}/{USD}},
	volume = {11},
	shorttitle = {Forecast {Foreign} {Exchange} {Rate}},
	doi = {10.36941/mjss-2020-0048},
	language = {en},
	number = {4},
	urldate = {2024-06-02},
	journal = {Mediterranean Journal of Social Sciences},
	author = {Asadullah, Muhammad and Ahmad, Nawaz and Dos-Santos, Maria Jos√© Palma Lampreia},
	month = jul,
	year = {2020},
	pages = {129}
}

@article{rw3,
	title = {Foreign exchange currency rate prediction using a {GRU}-{LSTM} hybrid network},
	volume = {3},
	doi = {10.1016/j.socl.2020.100009},
	urldate = {2024-06-02},
	journal = {Soft Computing Letters},
	author = {Islam, M. S. and Hossain, E.},
	month = dec,
	year = {2021},
	keywords = {Currency prediction, Foreign exchange market, FOREX prediction, Hybrid neural network, Time series analysis},
	pages = {100009}
}

@article{rw4,
	title = {Forecasting the {US} {Dollar}/{Euro} {Exchange} {Rate} {Based} on {ARIMA} {Model}},
	volume = {15},
	copyright = {Copyright (c) 2023 Qimian Zhu},
	doi = {10.54254/2754-1169/15/20230951},
	language = {en},
	urldate = {2024-06-02},
	journal = {Advances in Economics, Management and Political Sciences},
	author = {Zhu, Qimian},
	month = sep,
	year = {2023},
	pages = {371--380}
}


@article{rw5,
	title = {Recurrent {Neural} {Networks} and {ARIMA} {Models} for {Euro}/{Dollar} {Exchange} {Rate} {Forecasting}},
	volume = {11},
	copyright = {http://creativecommons.org/licenses/by/3.0/},
	doi = {10.3390/app11125658},
	language = {en},
	number = {12},
	urldate = {2024-06-02},
	journal = {Applied Sciences},
	author = {Escudero, Pedro and Alcocer, Willian and Paredes, Jenny},
	month = jan,
	year = {2021},
	note = {Number: 12
Publisher: Multidisciplinary Digital Publishing Institute},
	keywords = {ARIMA, EUR/USD exchange rate, random series modelling, recurrent neuronal networks},
	pages = {5658}
}



@misc{gru_balance,
	title = {Introduction to {Gated} {Recurrent} {Unit} ({GRU})},
	url = {https://www.analyticsvidhya.com/blog/2021/03/introduction-to-gated-recurrent-unit-gru/},
	language = {en},
	urldate = {2024-06-05},
	journal = {Analytics Vidhya},
	author = {Saxena, Shipra},
	month = mar,
	year = {2021}
}

@article{gru_equation,
	title = {Deep {Learning} with a {Recurrent} {Network} {Structure} in the {Sequence} {Modeling} of {Imbalanced} {Data} for {ECG}-{Rhythm} {Classifier}},
	volume = {12},
	doi = {10.3390/a12060118},
	journal = {Algorithms},
	author = {Darmawahyuni et al.},
	month = jun,
	year = {2019},
	pages = {1--12}
}

@misc{ets_triple,
	title = {Exponential {Smoothing}- {Definition}, {Formula}, {Methods} and {Examples}},
	url = {https://byjus.com/maths/exponential-smoothing/},
	abstract = {Know exponential smoothing with the formula, methods and solved examples online. Find out exponential smoothing for the given data using data smoothing factor.},
	language = {en},
	urldate = {2024-06-05},
	journal = {BYJUS}
}

@misc{ets_triple_formula,
	title = {T.2.5.2 - {Exponential} {Smoothing} {\textbar} {STAT} 501},
	url = {https://online.stat.psu.edu/stat501/lesson/t/t.2/t.2.5/t.2.5.2-exponential-smoothing},
	language = {en},
	urldate = {2024-06-05}
}

@misc{sefidian_guide,
  title = {A Guide on Regression Error Metrics (MSE, RMSE, MAE, MAPE, sMAPE, MPE) with Python Code},
  author = {Sefidian, Amir},
  url = {https://sefidian.com/2022/08/18/a-guide-on-regression-error-metrics-with-python-code/},
  abstract = {This article explains various regression error metrics and provides Python code examples for each. It covers the definitions, calculations, and practical uses of metrics such as MSE, RMSE, MAE, and MAPE.},
  language = {en},
  urldate = {2024-06-07},
  year = {2022},
  journal = {sefidian.com}
}

@misc{investopedia_arima,
    title = {Autoregressive Integrated Moving Average (ARIMA) - Definition, Formula, and Examples},
    url = {https://www.investopedia.com/terms/a/autoregressive-integrated-moving-average-arima.asp},
    abstract = {Learn about the ARIMA model, including its definition, formula, methods, and examples. Understand how ARIMA is used in time series forecasting.},
    language = {en},
    urldate = {2024-06-05},
    journal = {Investopedia}
}

@misc{arima_forecasting,
    title = {ARIMA Model - Complete Guide to Time Series Forecasting in Python},
    url = {https://www.machinelearningplus.com/time-series/arima-model-time-series-forecasting-python/},
    abstract = {A comprehensive guide to using ARIMA models for time series forecasting in Python, including the definition, formula, methods, and examples.},
    language = {en},
    urldate = {2024-06-07},
    journal = {Machine Learning Plus}
}

@misc{zargar2021introduction,
    title = {Introduction to Sequence Learning Models: RNN, LSTM, GRU},
    author = {Sakib Zargar},
    url = {https://www.researchgate.net/profile/Sakib-Zargar-2/publication/350950396_Introduction_to_Sequence_Learning_Models_RNN_LSTM_GRU/links/607b41c0907dcf667ba83ade/Introduction-to-Sequence-Learning-Models-RNN-LSTM-GRU.pdf},
    abstract = {This document provides an introduction to various sequence learning models including RNN, LSTM, and GRU, explaining their architectures, functionalities, and applications.},
    language = {en},
    urldate = {2024-06-07},
    journal = {ResearchGate},
    year = {2021}
}


@misc{mlp_image,
    title = {Quality Prediction for Injection Molding by Using a Multilayer Perceptron Neural Network},
    author = {Kun-Cheng Ke and Ming-Shyan Huang},
    url = {https://www.mdpi.com/2073-4360/12/8/1812},
    abstract = {This study proposes using a multilayer perceptron (MLP) neural network model combined with quality indices to automatically predict the shape of end products in the injection molding process. By utilizing pressure curves from pressure sensors inside the mold and quality indices, the MLP model demonstrates accurate predictions of over 92% for specific pressure indices.},
    language = {en},
    urldate = {2024-06-07},
    journal = {Polymers},
    volume={12},
    number={8},
    pages={1812},
    year={2020}
}

@misc{mlp,
    title = {A Comprehensive Overview and Comparative Analysis on Deep Learning Models: CNN, RNN, LSTM, GRU},
    author = {FARHAD MORTEZAPOUR SHIRI, THINAGARAN PERUMAL, NORWATI MUSTAPHA, RAIHANI MOHAMED},
    year = {2023},
    url = {https://arxiv.org/pdf/2305.17473},
    abstract = {This paper explores advanced techniques in machine learning and their applications in various fields.},
    language = {en},
    urldate = {2024-06-07},
    journal = {arXiv}
}